
@inproceedings{Aviram10,
	author = "A. Aviram and S. Weng and S. Hu and B. Ford",
	title = "Efficient System-Enforced Deterministic Parallelism",
	year = 2012,
	booktitle = "OSDI",
	url = "http://static.usenix.org/event/osdi10/tech/full_papers/Aviram.pdf"
}

@inproceedings{Bergan11,
	author =  "T. Bergan and J. Devietti and N. Hunt and L. Ceze",
	title = "The Deterministic Execution Hammer: How Well Does it Actually Pound Nails?",
	year = 2011,
	booktitle = "WoDet",
	url = "http://homes.cs.washington.edu/~tbergan/papers/wodet11-hammer.pdf"
}

@inproceedings{Musuvathi08,
	author = "M. Musuvathi and S. Qadeer and T. Ball and G. Basler and P. A. Nainar and I. Neamtiu",
	title = "Finding and Reproducing Heisenbugs in Concurrent Programs",
	year = 2008,
	booktitle = "OSDI",
	url = "http://static.usenix.org/event/osdi08/tech/full_papers/musuvathi/musuvathi.pdf"
}

@inproceedings{Devietti09,
	author = "J. Devietti and B. Lucia and L. Ceze and M. Oskin",
	title = "DMP: Deterministic Shared Memory Multiprocessing",
	year = 2009,
	booktitle = "ASPLOS",
	url = "http://homes.cs.washington.edu/~luisceze/publications/asplos004-devietti.pdf"
}

@inproceedings{Aviram10cloud,
	author = "A. Aviram and  S. Hu and B. Ford and R. Gummadi",
	title = "Determinating Timing Channels in Compute Clouds",
	year = 2010,
	booktitle = "CCSW",
	url = "http://www.brynosaurus.com/pub/os/timing.pdf"
}

@inproceedings{Ford96,
	author = "B. Ford and M. Hibler and J. Lepreau and P. Tullmann and G. Back and S. Clawson",
	title = "Microkernels meet recursive virtual machines",
	year = 1996,
	booktitle = "OSDI",
	url = "http://www.cs.utah.edu/flux/papers/fluke-rvm.ps.gz"
}

@article{lee2006problem,
    title={The problem with threads},
    author={Lee, E.A. and others},
    journal={Computer},
    volume={39},
    number={5},
    pages={33--42},
    year={2006}
}

@article{mckusick1984fast,
    title={A fast file system for UNIX},
    author={McKusick, M.K. and Joy, W.N. and Leffler, S.J. and Fabry, R.S.},
    journal={ACM Transactions on Computer Systems (TOCS)},
    volume={2},
    number={3},
    pages={181--197},
    year={1984},
    publisher={ACM}
}

